@article{rob,
  title={Theory and application of shapelets to the analysis of surface self-assembly imaging},
  author={Suderman, Robert and Lizotte, Daniel J and Abukhdeir, Nasser Mohieddin},
  journal={Physical Review E},
  volume={91},
  number={3},
  pages={033307},
  year={2015},
  publisher={APS}
}


@article{thomas,
  title={A generalized shapelet-based method for analysis of nanostructured surface imaging},
  author={Akdeniz, Thomas J and Lizotte, Daniel J and Abukhdeir, Nasser Mohieddin},
  journal={Nanotechnology},
  volume={30},
  number={7},
  pages={075703},
  year={2018},
  publisher={IOP Publishing}
}

@article{kadem,
  title={Controlled self-assembly of hexagonal nanoparticle patterns on nanotopographies},
  author={Kadem, Laith F and Lamprecht, Constanze and Purtov, Julia and Selhuber-Unkel, Christine},
  journal={Langmuir},
  volume={31},
  number={34},
  pages={9261--9265},
  year={2015},
  publisher={ACS Publications}
}

@article{blattler,
  title={Nanopatterns with biological functions},
  author={Bl{\"a}ttler, Thomas and Huwiler, Christoph and Ochsner, Mirjam and St{\"a}dler, Brigitte and Solak, Harun and V{\"o}r{\"o}s, Janos and Grandin, H Michelle},
  journal={Journal of nanoscience and nanotechnology},
  volume={6},
  number={8},
  pages={2237--2264},
  year={2006},
  publisher={American Scientific Publishers}
}


@article{thor,
  title={Self-assembly and applications of anisotropic nanomaterials: A review},
  author={Thorkelsson, Kari and Bai, Peter and Xu, Ting},
  journal={Nano Today},
  volume={10},
  number={1},
  pages={48--66},
  year={2015},
  publisher={Elsevier}
}

@article{Amadi2022,
  title={Nanoscale self-assembly: concepts, applications and challenges},
  author={Amadi, Eberechukwu Victoria and Venkataraman, Anusha and Papadopoulos, Chris},
  journal={Nanotechnology},
  volume={33},
  number={13},
  pages={132001},
  year={2022},
  publisher={IOP Publishing}
}

@article{Li2019,
  title={Self-assembled nanomaterials: design principles, the nanostructural effect, and their functional mechanisms as antimicrobial or detection agents},
  author={Li, Li-Li and An, Hong-Wei and Peng, Bo and Zheng, Rui and Wang, Hao},
  journal={Materials Horizons},
  volume={6},
  number={9},
  pages={1794--1811},
  year={2019},
  publisher={Royal Society of Chemistry}
}

@article{Dong2020,
  title={Defect detection and classification by training a generic convolutional neural network encoder},
  author={Dong, Xinghui and Taylor, Christopher J and Cootes, Tim F},
  journal={IEEE Transactions on Signal Processing},
  volume={68},
  pages={6055--6069},
  year={2020},
  publisher={IEEE}
}

@inproceedings{Boyadjian2020,
  title={Detecting defects in materials using deep convolutional neural networks},
  author={Boyadjian, Quentin and Vanderesse, Nicolas and Toews, Matthew and Bocher, Philippe},
  booktitle={Image Analysis and Recognition: 17th International Conference, ICIAR 2020, P{\'o}voa de Varzim, Portugal, June 24--26, 2020, Proceedings, Part I 17},
  pages={293--306},
  year={2020},
  organization={Springer}
}

@article{Gunaratne1994,
  title={Pattern formation in the presence of symmetries},
  author={Gunaratne, Gemunu H and Ouyang, Qi and Swinney, Harry L},
  journal={Physical Review E},
  volume={50},
  number={4},
  pages={2802},
  year={1994},
  publisher={APS}
}

@book{Stein1989,
	year = {1989},
	author = {Daniel L. Stein},
	title = {Lectures in the Sciences of Complexity the Proceeding of the 1988 Complex Systems Summer School, Held June-July, 1988 in Santa Fe, New Mexico}
}

@article{Abukhdeir2016,
  title={Computational characterization of ordered nanostructured surfaces},
  author={Abukhdeir, Nasser Mohieddin},
  journal={Materials Research Express},
  volume={3},
  number={8},
  pages={082001},
  year={2016},
  publisher={IOP Publishing}
}

@article{Chowdhury2016,
  title={Image driven machine learning methods for microstructure recognition},
  author={Chowdhury, Aritra and Kautz, Elizabeth and Yener, B{\"u}lent and Lewis, Daniel},
  journal={Computational Materials Science},
  volume={123},
  pages={176--187},
  year={2016},
  publisher={Elsevier}
}